@misc{ wiki:wls,
  author = {{ Wikipedia {,} The Free Encyclopedia}},
  title = "Weighted least squares",
  year = "2020",
  url = "https://en.wikipedia.org/wiki/Weighted_least_squares",
  note = "[last edited 7-December-2020]"
}
@misc{ sm:wls,
  author = {{ Statsmodels}},
  title = "Weighted least squares",
  year = "2020",
  url = "https://www.statsmodels.org/stable/examples/notebooks/generated/wls.html",
  note = "[last edited 7-December-2020]"
}
