@misc{ lc3:lc3,
  title = "LC3",
  url = "https://lc3.ch/",
}

@misc{ med:sdg,
  title = "Small dataset guidelines",
  url = "https://medium.com/rants-on-machine-learning/what-to-do-with-small-data-d253254d1a89",
}

@misc{ med:lr,
  title = "Linear regression",
  url = "https://medium.com/rants-on-machine-learning/what-to-do-with-small-data-d253254d1a89",
}

@misc{ sm:reg,
  title = "Statsmodel regression",
  url = "https://www.statsmodels.org/stable/regression.html",
}

@misc{ med:ols1,
  title = "Regression with statsmodels OLS",
  url = "https://medium.com/python-in-plain-english/ols-linear-regression-basics-with-pythons-scikit-learn",
}

@misc{ med:ols2,
  title = "Understanding statsmodel OLS results",
  url = "https://medium.com/@jyotiyadav99111/statistics-how-should-i-interpret-results-of-ols-3bde1ebeec01",
}

@misc{ mlm:fe,
  title = "Feature engineering",
  url = "https://machinelearningmastery.com/discover-feature-engineering-how-to-engineer-features",
}

@misc{ mlm:fs,
  title = "Feature selection",
  url = "https://machinelearningmastery.com/an-introduction-to-feature-selection/",
}

@misc{ mlm:fm,
  title = "Feature metrics",
  url = "https://machinelearningmastery.com/calculate-feature-importance-with-python/",
}

@misc{ mlm:fss,
  title = "Feature selection with scikit learn",
  url = "https://machinelearningmastery.com/feature-selection-in-python-with-scikit-learn/",
}

@misc{ wiki:wls,
  title = "Weighted least squares",
  url = "https://en.wikipedia.org/wiki/Weighted_least_squares",
}
@misc{ sm:wls,
  title = "Weighted least squares with statsmodels",
  url = "https://www.statsmodels.org/stable/examples/notebooks/generated/wls.html",
}

